@article{architecture-notes,
	title        = {Software Architecture},
	author       = {Webb, Brae and Thomas, Richard},
	year         = 2023,
	month        = {February},
	publisher    = {The University of Queensland},
	note         = {\url{https://csse6400.uqcloud.net/handouts/architecture.pdf}}
}
@article{layered-notes,
	title        = {Layered Architecture},
	author       = {Thomas, Richard and Webb, Brae},
	year         = 2023,
	month        = {February},
	publisher    = {The University of Queensland},
	note         = {\url{https://csse6400.uqcloud.net/handouts/layered.pdf}}
}
@article{security-notes,
	title        = {Security Principles},
	author       = {Webb, Brae},
	year         = 2022,
	month        = {March},
	publisher    = {The University of Queensland},
	note         = {\url{https://csse6400.uqcloud.net/handouts/security.pdf}}
}
@article{view-notes,
	title        = {Architectural Views},
	author       = {Thomas, Richard and Webb, Brae},
	year         = 2023,
	month        = {February},
	publisher    = {The University of Queensland},
	note         = {\url{https://csse6400.uqcloud.net/handouts/views.pdf}}
}
@article{adr-notes,
	title        = {Architectural Decision Records},
	author       = {Thomas, Richard},
	year         = 2023,
	month        = {February},
	publisher    = {The University of Queensland},
	note         = {\url{https://csse6400.uqcloud.net/handouts/adr.pdf}}
}
@article{pipeline-notes,
	title        = {Pipeline Architecture},
	author       = {Webb, Brae and Thomas, Richard},
	year         = 2023,
	month        = {February},
	publisher    = {The University of Queensland},
	note         = {\url{https://csse6400.uqcloud.net/handouts/pipeline.pdf}}
}
@article{container-notes,
	title        = {Containers},
	author       = {Webb, Brae},
	year         = 2022,
	month        = {March},
	publisher    = {The University of Queensland},
	note         = {\url{https://csse6400.uqcloud.net/handouts/containers.pdf}}
}
@article{container-slides,
	title        = {Containers Slides},
	author       = {Webb, Brae},
	year         = 2023,
	month        = {March},
	publisher    = {The University of Queensland},
	note         = {\url{https://csse6400.uqcloud.net/slides/containers.pdf}}
}
@article{microkernel-notes,
	title        = {Microkernel Architecture},
	author       = {Thomas, Richard},
	year         = 2022,
	month        = {March},
	publisher    = {The University of Queensland},
	note         = {\url{https://csse6400.uqcloud.net/handouts/microkernel.pdf}}
}
@article{service-based-notes,
	title        = {Service-Based Architecture},
	author       = {Thomas, Richard},
	year         = 2022,
	month        = {March},
	publisher    = {The University of Queensland},
	note         = {\url{https://csse6400.uqcloud.net/handouts/service-based.pdf}}
}
@article{service-based-slides,
	title        = {Service-Based Architecture Slides},
	author       = {Thomas, Richard},
	year         = 2025,
	month        = {March},
	publisher    = {The University of Queensland},
	note         = {\url{https://csse6400.uqcloud.net/slides/service-based.pdf}}
}
@article{iac-notes,
	title        = {Infrastructure as Code},
	author       = {Webb, Brae},
	year         = 2023,
	month        = {February},
	publisher    = {The University of Queensland},
	note         = {\url{https://csse6400.uqcloud.net/handouts/iac.pdf}}
}
@article{distributed1-notes,
	title        = {Distributed Systems {I}},
	author       = {Webb, Brae and Thomas, Richard},
	year         = 2022,
	month        = {March},
	publisher    = {The University of Queensland},
	note         = {\url{https://csse6400.uqcloud.net/handouts/distributed1.pdf}}
}
@article{distributed1-slides,
	title        = {Distributed Systems {I} Slides},
	author       = {Webb, Brae and Thomas, Richard},
	year         = 2025,
	month        = {March},
	publisher    = {The University of Queensland},
	note         = {\url{https://csse6400.uqcloud.net/slides/distributed1.pdf}}
}
@article{events-notes,
	title        = {Event-Driven Architecture},
	author       = {Thomas, Richard},
	year         = 2023,
	month        = {March},
	publisher    = {The University of Queensland},
	note         = {\url{https://csse6400.uqcloud.net/handouts/event.pdf}}
}
@article{distributed2-notes,
	title        = {Distributed Systems {II}},
	author       = {Webb, Brae and Thomas, Richard},
	year         = 2024,
	month        = {March},
	publisher    = {The University of Queensland},
	note         = {\url{https://csse6400.uqcloud.net/handouts/distributed2.pdf}}
}
@article{distributed2-slides,
	title        = {Distributed Systems {II} Slides},
	author       = {Webb, Brae and Thomas, Richard and Bai, Guangdong},
	year         = 2025,
	month        = {March},
	publisher    = {The University of Queensland},
	note         = {\url{https://csse6400.uqcloud.net/slides/distributed2.pdf}}
}
@incollection{prac-week1,
	title        = {Web Application Programming Interface (API)},
	author       = {Webb, Brae and Thomas, Richard and Hughes, Evan},
	year         = 2025,
	month        = {March},
	publisher    = {The University of Queensland},
	note         = {\url{https://csse6400.uqcloud.net/practicals/week01.pdf}},
	series       = {CSSE6400 Practicals},
	volume       = {1}
}
@incollection{prac-week4,
	title        = {Getting Started with the Cloud},
	author       = {Hughes, Evan and Thomas, Richard and Webb, Brae},
	year         = 2025,
	month        = {March},
	publisher    = {The University of Queensland},
	note         = {\url{https://csse6400.uqcloud.net/practicals/week04.pdf}},
	series       = {CSSE6400 Practicals},
	volume       = {5}
}
@incollection{prac-week5,
	title        = {Database \& Container Deployment},
	author       = {Hughes, Evan and Webb, Brae and Thomas, Richard},
	year         = 2023,
	month        = {March},
	publisher    = {The University of Queensland},
	note         = {\url{https://csse6400.uqcloud.net/practicals/week05.pdf}},
	series       = {CSSE6400 Practicals},
	volume       = {5}
}
