@misc{aws-regions,
title = {AWS Global Infrastructure},
howpublished = {\url{https://aws.amazon.com/about-aws/global-infrastructure/}},
month = {March},
year = {2025},
}